<?xml version="1.0" encoding="UTF-8"?><collection xmlns="http://www.loc.gov/MARC21/slim"><record><leader>00468nam--2200181-i-4500</leader><controlfield tag="001">000031350</controlfield><controlfield tag="002">20161230</controlfield><controlfield tag="005">20161230201038</controlfield><controlfield tag="008">060222s1000------------r-----000-0-eng-d</controlfield><datafield ind1=" " ind2=" " tag="040"><subfield code="a">IFIN-HH</subfield></datafield><datafield ind1=" " ind2=" " tag="080"><subfield code="a">51:53</subfield></datafield><datafield ind1="1" ind2=" " tag="100"><subfield code="a">Mathews, Jon</subfield></datafield><datafield ind1="1" ind2="0" tag="245"><subfield code="a">Mathematical methods of physics</subfield><subfield code="c">Jon mathews, r.l. walker</subfield></datafield><datafield ind1=" " ind2=" " tag="260"><subfield code="a">New York</subfield><subfield code="b">W.A.Benjamin, Inc</subfield><subfield code="c">1964</subfield></datafield><datafield ind1=" " ind2=" " tag="300"><subfield code="a">X + 475P</subfield></datafield><datafield ind1="1" ind2=" " tag="700"><subfield code="a">Walker, R.L</subfield></datafield><datafield ind1=" " ind2=" " tag="852"><subfield code="a">19799</subfield><subfield code="c">53.02</subfield></datafield><datafield ind1=" " ind2=" " tag="CAT"><subfield code="a">Sys</subfield><subfield code="c">20151019</subfield><subfield code="h">152212</subfield></datafield></record></collection>